@manual{armpg,
    title = {ARM® Cortex®-A Series Programmer’s Guide for ARMv8-A},
    author = {Arm®},
    organization = {Arm®},
    address = {110 Fulbourn Road, Cambridge, England CB1 9NJ.},
    edition = {Version 1.0},
    year = {2015},
}

@manual{a64ISA,
    title = {Arm® A64 Instruction Set Architecture Armv8, for Armv8-A architecture profile},
    author = {Arm co.},
    organization = {Arm co.},
    address = {110 Fulbourn Road, Cambridge, England CB1 9NJ.},
    year = {2021},
    month = {12},
}

@manual{armrefman,
    title = {Arm® Architecture Reference Manual for A-profile architecture},
    author = {Arm®},
    organization = {Arm®},
    address = {110 Fulbourn Road, Cambridge, England CB1 9NJ.},
    edition = {Version 21.0},
    year = {2022},
}

@manual{armregref,
    title = {Arm® Architecture Registers Armv8, for Armv8-A architecture profile},
    author = {Arm®},
    organization = {Arm®},
    address = {110 Fulbourn Road, Cambridge, England CB1 9NJ.},
    edition = {Version 21.0},
    year = {2021},
}
