@book{CSAPP,
    title = {Computer Systems A Programmer’s Perspective},
    author = {Randal E. Bryant and David R. O’Hallaron},
    edition = {Third edition},
    year = {2016},
}

@book{OSC,
    title = {Operating System Concepts},
    author = {Avi Silberschatz and Peter Baer Galvin and Greg Gagne},
    edition = {Tenth edition},
    year = {2018},
}

@book{DSALGOME,
    title = {Data Structures And Algorithms Made Easy},
    author = {Narasimha Karumanchi},
    edition = {5th edition},
    year = {2017},
}

@book{APUE,
    title = {Advanced Programming in the UNIX® Environment},
    author = {W. Richard Stevens and Stephen A. Rago},
    edition = {3rd},
    year = {2013}
}

@manual{a64ISA,
    title = {Arm® A64 Instruction Set Architecture Armv8, for Armv8-A architecture profile},
    author = {Arm co.},
    organization = {Arm co.},
    address = {110 Fulbourn Road, Cambridge, England CB1 9NJ.},
    year = {2021},
    month = {12},
}

@manual{armrefman,
    title = {Arm® Architecture Reference Manual for A-profile architecture},
    author = {Arm®},
    organization = {Arm®},
    address = {110 Fulbourn Road, Cambridge, England CB1 9NJ.},
    edition = {Version 21.0},
    year = {2022},
}

@manual{armpg,
    title = {ARM® Cortex®-A Series Programmer’s Guide for ARMv8-A},
    author = {Arm®},
    organization = {Arm®},
    address = {110 Fulbourn Road, Cambridge, England CB1 9NJ.},
    edition = {Version 1.0},
    year = {2015},
}

@manual{riscvspec,
    title = {The RISC-V Instruction Set Manual Volume I: Unprivileged ISA},
    editor = {Andrew Waterman and Krste Asanović and SiFive Inc. and CS Division and EECS Department and University of California, Berkeley},
    year = {2019},
    month = {12},
    day = {13},
}

@manual{riscvpri,
    title = {The RISC-V Instruction Set Manual Volume II: Privileged Architecture},
    editor = {Andrew Waterman and Krste Asanović and SiFive Inc. and CS Division and EECS Department and University of California, Berkeley},
    year = {2019},
    month = {6},
    day = {8},
}

@manual{armregref,
    title = {Arm® Architecture Registers Armv8, for Armv8-A architecture profile},
    author = {Arm®},
    organization = {Arm®},
    address = {110 Fulbourn Road, Cambridge, England CB1 9NJ.},
    edition = {Version 21.0},
    year = {2021},
}

@misc{usingas,
    author = {Dean Elsner, Jay Fenlason and friends},
    title = {Using as},
    howpublished = {\url{https://sourceware.org/binutils/docs-2.27/as/index.html}},
    year = {2016},
    month = {8},
    note = {Online, gas-2.27},
}

@misc{gnuld,
    title = {GNU linker ld},
    howpublished = {\url{https://sourceware.org/binutils/docs-2.36/ld.html}},
    note = {Online, ld-2.36},
}

@misc{GNUMakeManual,
    title = {GNU Make Manual},
    howpublished = {\url{https://www.gnu.org/software/make/manual/make.html}},
    year = {2023},
    month = {9},
    note = {Online},
}
