@book{CSAPP,
    title = {Computer Systems A Programmer’s Perspective},
    author = {Randal E. Bryant and David R. O’Hallaron},
    edition = {Third edition},
    year = {2016},
}

@book{OSC,
    title = {Operating System Concepts},
    author = {Avi Silberschatz and Peter Baer Galvin and Greg Gagne},
    edition = {Tenth edition},
    year = {2018},
}

@book{DSALGOME,
    title = {Data Structures And Algorithms Made Easy},
    author = {Narasimha Karumanchi},
    edition = {5th edition},
    year = {2017},
}

@book{APUE,
    title = {Advanced Programming in the UNIX® Environment},
    author = {W. Richard Stevens and Stephen A. Rago},
    edition = {3rd},
    year = {2013}
}

@book{FADEC,
    title = {Foundations of Analog and Digital Electronic Circuits},
    author = {Anant Agarwal and Jeffrey H. Lang},
    edition = {1st},
    year = {2005}
}

@book{AoE,
    title = {The Art of Electronics},
    author = {Paul Horowitz and Winfield Hill},
    edition = {3rd},
    year = {2016}
}

