@manual{riscvspec,
    title = {The RISC-V Instruction Set Manual Volume I: Unprivileged ISA},
    editor = {Andrew Waterman and Krste Asanović and SiFive Inc. and CS Division and EECS Department and University of California, Berkeley},
    year = {2019},
    month = {12},
    day = {13},
}

@manual{riscvpri,
    title = {The RISC-V Instruction Set Manual Volume II: Privileged Architecture},
    editor = {Andrew Waterman and Krste Asanović and SiFive Inc. and CS Division and EECS Department and University of California, Berkeley},
    year = {2019},
    month = {6},
    day = {8},
}
