@misc{usingas,
    author = {Dean Elsner, Jay Fenlason and friends},
    title = {Using as},
    howpublished = {\url{https://sourceware.org/binutils/docs-2.27/as/index.html}},
    year = {2016},
    month = {8},
    note = {Online, gas-2.27},
}

@misc{gnuld,
    title = {GNU linker ld},
    howpublished = {\url{https://sourceware.org/binutils/docs-2.36/ld.html}},
    note = {Online, ld-2.36},
}

@misc{GNUMakeManual,
    title = {GNU Make Manual},
    howpublished = {\url{https://www.gnu.org/software/make/manual/make.html}},
    year = {2023},
    month = {9},
    note = {Online},
}

